@book{chang_r_2012,
	title = {R Graphics Cookbook},
	isbn = {9781449316952},
	author = {Chang, Winston},
	date = {2012},
  publisher = {O'Reilly},
}
@book{HDV2003,
	title = {EnquÃªte Histoire de vie},
	author = {INSEE},
	date = {2003},
	url = {https://www.insee.fr/fr/metadonnees/source/serie/s1246/},
  publisher = {INSEE},
}
